@inproceedings{bouabdallah2007full,
  title={Full control of a quadrotor},
  author={Bouabdallah, Samir and Siegwart, Roland},
  booktitle={Intelligent robots and systems, 2007. IROS 2007. IEEE/RSJ international conference on},
  pages={153--158},
  year={2007},
  organization={Ieee}
}

@article{cheon2015replacing,
  title={On Replacing PID Controller with Deep Learning Controller for DC Motor System},
  author={Cheon, Kangbeom and Kim, Jaehoon and Hamadache, Moussa and Lee, Dongik},
  journal={Journal of Automation and Control Engineering Vol},
  volume={3},
  number={6},
  year={2015}
}

% Quadcopters. Rafaello D'Andrea is the guy from the video
% https://www.youtube.com/watch?v=w2itwFJCgFQ&t=4s
@inproceedings{hehn2011flying,
  title={A flying inverted pendulum},
  author={Hehn, Markus and D'Andrea, Raffaello},
  booktitle={Robotics and Automation (ICRA), 2011 IEEE International Conference on},
  pages={763--770},
  year={2011},
  organization={IEEE}
}
@inproceedings{schoellig2012feed,
  title={Feed-forward parameter identification for precise periodic quadrocopter motions},
  author={Schoellig, Angela P and Wiltsche, Clemens and D'Andrea, Raffaello},
  booktitle={American Control Conference (ACC), 2012},
  pages={4313--4318},
  year={2012},
  organization={IEEE}
}
@article{hehn2011quadrocopter,
  title={Quadrocopter trajectory generation and control},
  author={Hehn, Markus and D'Andrea, Raffaello},
  journal={IFAC Proceedings Volumes},
  volume={44},
  number={1},
  pages={1485--1491},
  year={2011},
  publisher={Elsevier}
}
@inproceedings{lupashin2010simple,
  title={A simple learning strategy for high-speed quadrocopter multi-flips},
  author={Lupashin, Sergei and Sch{\"o}llig, Angela and Sherback, Michael and D'Andrea, Raffaello},
  booktitle={Robotics and Automation (ICRA), 2010 IEEE International Conference on},
  pages={1642--1648},
  year={2010},
  organization={IEEE}
}
@inproceedings{figueroa2014reinforcement,
  title={Reinforcement learning for balancing a flying inverted pendulum},
  author={Figueroa, Rafael and Faust, Aleksandra and Cruz, Patricio and Tapia, Lydia and Fierro, Rafael},
  booktitle={Intelligent Control and Automation (WCICA), 2014 11th World Congress on},
  pages={1787--1793},
  year={2014},
  organization={IEEE}
}
% PIDs + Learning
@inproceedings{sedighizadeh2008adaptive,
  title={Adaptive PID controller based on reinforcement learning for wind turbine control},
  author={Sedighizadeh, M and Rezazadeh, A},
  booktitle={Proceedings of world academy of science, engineering and technology},
  volume={27},
  pages={257--262},
  year={2008}
}
@article{wang2007proposal,
  title={A proposal of adaptive PID controller based on reinforcement learning},
  author={Wang, Xue-Song and Cheng, Yu-Hu and Wei, Sun},
  journal={Journal of China University of Mining and Technology},
  volume={17},
  number={1},
  pages={40--44},
  year={2007},
  publisher={Elsevier}
}
@inproceedings{wakitani2014design,
  title={Design and application of a data-driven PID controller},
  author={Wakitani, Shin and Yamamoto, Toru},
  booktitle={Control Applications (CCA), 2014 IEEE Conference on},
  pages={1443--1448},
  year={2014},
  organization={IEEE}
}
